@article{kloss2011haplogrep,
  title={HaploGrep: a fast and reliable algorithm for automatic classification of mitochondrial DNA haplogroups},
  author={Kloss-Brandst{\"a}tter, Anita and Pacher, Dominic and Sch{\"o}nherr, Sebastian and Weissensteiner, Hansi and Binna, Robert and Specht, G{\"u}nther and Kronenberg, Florian},
  journal={Human mutation},
  volume={32},
  number={1},
  pages={25--32},
  year={2011},
  publisher={Wiley Online Library}
}

@article{forer2010conan,
  title={CONAN: copy number variation analysis software for genome-wide association studies},
  author={Forer, Lukas and Sch{\"o}nherr, Sebastian and Weissensteiner, Hansi and Haider, Florian and Kluckner, Thomas and Gieger, Christian and Wichmann, Heinz-Erich and Specht, G{\"u}nther and Kronenberg, Florian and Kloss-Brandst{\"a}tter, Anita},
  journal={BMC bioinformatics},
  volume={11},
  number={1},
  pages={318},
  year={2010},
  publisher={BioMed Central}
}

@article{schonherr2009ecompagt,
  title={eCOMPAGT--efficient combination and management of phenotypes and genotypes for genetic epidemiology},
  author={Sch{\"o}nherr, Sebastian and Weissensteiner, Hansi and Coassin, Stefan and Specht, G{\"u}nther and Kronenberg, Florian and Brandst{\"a}tter, Anita},
  journal={BMC bioinformatics},
  volume={10},
  number={1},
  pages={139},
  year={2009},
  publisher={BioMed Central}
}

@article{weissensteiner2010ecompagt,
  title={eCOMPAGT integrates mtDNA: import, validation and export of mitochondrial DNA profiles for population genetics, tumour dynamics and genotype-phenotype association studies},
  author={Weissensteiner, Hansi and Sch{\"o}nherr, Sebastian and Specht, G{\"u}nther and Kronenberg, Florian and Brandst{\"a}tter, Anita},
  journal={BMC bioinformatics},
  volume={11},
  number={1},
  pages={122},
  year={2010},
  publisher={BioMed Central}
}

@inproceedings{schonherr2011feedback,
  title={A feedback guided interface for elastic computing.},
  author={Sch{\"o}nherr, Sebastian and Forer, Lukas and Weissensteiner, Hansi and Kronenberg, Florian and Specht, G{\"u}nther and Kloss-Brandst{\"a}tter, Anita},
  booktitle={Grundlagen von Datenbanken},
  pages={109--114},
  year={2011}
}

@article{schonherr2012cloudgene,
  title={Cloudgene: A graphical execution platform for MapReduce programs on private and public clouds},
  author={Sch{\"o}nherr, Sebastian and Forer, Lukas and Weissensteiner, Hansi and Kronenberg, Florian and Specht, G{\"u}nther and Kloss-Brandst{\"a}tter, Anita},
  journal={BMC bioinformatics},
  volume={13},
  number={1},
  pages={200},
  year={2012},
  publisher={BioMed Central}
}

@incollection{forer2012cloud,
  title={Cloud Computing},
  author={Forer, Lukas and Sch{\"o}nherr, Sebastian and Weissensteiner, Hansi and Specht, G{\"u}nther and Kronenberg, Florian and Kloss-Brandst{\"a}tter, Anita},
  booktitle={Computational Medicine},
  pages={27--36},
  year={2012},
  publisher={Springer Vienna}
}

@article{weissensteiner2013snpflow,
  title={SNPflow: a lightweight application for the processing, storing and automatic quality checking of genotyping assays},
  author={Weissensteiner, Hansi and Haun, Margot and Sch{\"o}nherr, Sebastian and Neuner, Mathias and Forer, Lukas and Specht, G{\"u}nther and Kloss-Brandst{\"a}tter, Anita and Kronenberg, Florian and Coassin, Stefan},
  journal={PloS one},
  volume={8},
  number={3},
  pages={e59508},
  year={2013},
  publisher={Public Library of Science}
}

@article{summerer2014large,
  title={Large-scale mitochondrial DNA analysis in Southeast Asia reveals evolutionary effects of cultural isolation in the multi-ethnic population of Myanmar},
 author = {Summerer, Monika and Horst, J{\"{u}}rgen and Erhart, Gertraud and Weissensteiner, Hansi and Sch{\"{o}}nherr, Sebastian and Pacher, Dominic and Forer, Lukas and Horst, David and Manhart, Angelika and Horst, Basil and Sanguansermsri, Torpong and Kloss-Brandst{\"{a}}tter, Anita},
  journal={BMC evolutionary biology},
  volume={14},
  number={1},
  pages={17},
  year={2014},
  publisher={BioMed Central}
}

@inproceedings{forer2014delivering,
  title={Delivering bioinformatics mapreduce applications in the cloud},
  author={Forer, Lukas and Lipic, Tomislav and Schonherr, Sebastian and Weissensteiner, Hansi and Davidovic, Davor and Kronenberg, Florian and Afgan, Enis},
  booktitle={Information and Communication Technology, Electronics and Microelectronics (MIPRO), 2014 37th International Convention on},
  pages={373--377},
  year={2014},
  organization={IEEE}
}

@article{lamina2014correlation,
  title={Correlation between a positive family risk score and peripheral artery disease in one case-control and two population-based studies},
  author={Lamina, Claudia and Linsenmeyer, Johannes and Weissensteiner, Hansi and Kollerits, Barbara and Meisinger, Christa and Rantner, Barbara and St{\"o}ckl, Doris and Stadler, Marietta and Klein-Weigel, Peter and Peters, Annette and others},
  journal={Atherosclerosis},
  volume={237},
  number={1},
  pages={243--250},
  year={2014},
  publisher={Elsevier}
}

@article{Kehdy2015,
author = {Kehdy, Fernanda S. G. and Gouveia, Mateus H. and Machado, Moara and Magalh{\~{a}}es, Wagner C. S. and Horimoto, Andrea R. and Horta, Bernardo L. and Moreira, Rennan G. and Leal, Thiago P. and Scliar, Marilia O. and Soares-Souza, Giordano B. and Rodrigues-Soares, Fernanda and Ara{\'{u}}jo, Gilderlanio S. and Zamudio, Roxana and {Sant Anna}, Hanaisa P. and Santos, Hadassa C. and Duarte, Nubia E. and Fiaccone, Rosemeire L. and Figueiredo, Camila a. and Silva, Thiago M. and Costa, Gustavo N. O. and Beleza, Sandra and Berg, Douglas E. and Cabrera, Lilia and Debortoli, Guilherme and Duarte, Denise and Ghirotto, Silvia and Gilman, Robert H. and Gon{\c{c}}alves, Vanessa F. and Marrero, Andrea R. and Muniz, Yara C. and Weissensteiner, Hansi and Yeager, Meredith and Rodrigues, Laura C. and Barreto, Mauricio L. and Lima-Costa, M. Fernanda and Pereira, Alexandre C. and Rodrigues, Ma{\'{i}}ra R. and Tarazona-Santos, Eduardo},
file = {:home/hansi/.local/share/data/Mendeley Ltd./Mendeley Desktop/Downloaded/Kehdy et al. - 2015 - Origin and dynamics of admixture in Brazilians and its effect on the pattern of deleterious mutations.pdf:pdf},
title = {{Origin and dynamics of admixture in Brazilians and its effect on the pattern of deleterious mutations}},
  journal={Proceedings of the National Academy of Sciences},
  volume={112},
  number={28},
  pages={8696--8701},
  year={2015},
  publisher={National Acad Sciences}

}


@inproceedings{forer2015cloudflow,
  title={Cloudflow-A framework for mapreduce pipeline development in biomedical research},
  author={Forer, Lukas and Afgan, Enis and Weissensteiner, Hansi and Davidovi{\'c}, Davor and Specht, G{\"u}nther and Kronenberg, Florian and Sch{\"o}nherr, Sebastian},
  booktitle={Information and Communication Technology, Electronics and Microelectronics (MIPRO), 2015 38th International Convention on},
  pages={172--177},
  year={2015},
  organization={IEEE}
}



@article{raschenberger2015association,
  title={Association of relative telomere length with cardiovascular disease in a large chronic kidney disease cohort: the GCKD study},
author = {Raschenberger, Julia and Kollerits, Barbara and Titze, Stephanie and {Koettgen}, Anna K and Baerthlein, Barbara B  and Ekici, Arif B and Forer, Lukas and Sch, Sebastian and Sch\"onherr, and Weissensteiner, Hansi and Haun, Margot and Wanner, Christoph and Eckardt, Kai-Uwe and Kronenberg, Florian},
  journal={Atherosclerosis},
  volume={242},
  number={2},
  pages={529--534},
  year={2015},
  publisher={Elsevier}
}

@article{kloss2015validation,
  title={Validation of next-generation sequencing of entire mitochondrial genomes and the diversity of mitochondrial DNA mutations in oral squamous cell carcinoma},
 author = {Kloss-Brandst{\"{a}}tter, Anita and Weissensteiner, Hansi and Erhart, Gertraud and Sch{\"{a}}fer, Georg and Forer, Lukas and Sch{\"{o}}nherr, Sebastian and Pacher, Dominic and Seifarth, Christof and St{\"{o}}ckl, Andrea and Fendt, Liane and Sottsas, Irma and Klocker, Helmut and Huck, Christian W. and Rasse, Michael and Kronenberg, Florian and Kloss, Frank R.},
  journal={PloS one},
  volume={10},
  number={8},
  pages={e0135643},
  year={2015},
  publisher={Public Library of Science}
}



@article{raschenberger2015telomeres,
  title={Do telomeres have a higher plasticity than thought? Results from the German Chronic Kidney Disease (GCKD) study as a high-risk population},
 author = {Raschenberger, Julia and Kollerits, Barbara and Titze, Stephanie and K{\"{o}}ttgen, Anna and B{\"{a}}rthlein, Barbara and Ekici, Arif B. and Forer, Lukas and Sch{\"{o}}nherr, Sebastian and Weissensteiner, Hansi and Haun, Margot and Wanner, Christoph and Eckardt, Kai-Uwe and Kronenberg, Florian},
  journal={Experimental gerontology},
  volume={72},
  pages={162--166},
  year={2015},
  publisher={Pergamon}
}

@article{weissensteiner2016mtdna,
  title={mtDNA-Server: next-generation sequencing data analysis of human mitochondrial DNA in the cloud},
  author={Weissensteiner, Hansi and Forer, Lukas and Fuchsberger, Christian and Sch{\"o}pf, Bernd and Kloss-Brandst{\"a}tter, Anita and Specht, G{\"u}nther and Kronenberg, Florian and Sch{\"o}nherr, Sebastian},
  journal={Nucleic acids research},
  pages={gkw247},
  year={2016},
  publisher={Oxford University Press}
}

@article{weissensteiner2016haplogrep,
  title={HaploGrep 2: mitochondrial haplogroup classification in the era of high-throughput sequencing},
  author={Weissensteiner, Hansi and Pacher, Dominic and Kloss-Brandst{\"a}tter, Anita and Forer, Lukas and Specht, G{\"u}nther and Bandelt, Hans-J{\"u}rgen and Kronenberg, Florian and Salas, Antonio and Sch{\"o}nherr, Sebastian},
  journal={Nucleic acids research},
  pages={gkw233},
  year={2016},
  publisher={Oxford University Press}
}

@article{forer2016cloudflow,
  title={Cloudflow-enabling faster biomedical pipelines with MapReduce and Spark},
  author={Forer, Lukas and Afgan, Enis and Weissensteiner, Hansi and Davidovic, Davor and Specht, Guenther and Kronenberg, Florian and Schoenherr, Sebastian},
  journal={Scalable Computing: Practice and Experience},
  volume={17},
  number={2},
  pages={103--114},
  year={2016}
}